<record><leader>00000cas a22000007a 4500</leader><controlfield tag="001">37876306</controlfield><controlfield tag="008">971031d19411945cauwr ne      0    0eng d</controlfield><datafield ind1=" " ind2=" " tag="010"><subfield code="a">sn 97069224 </subfield></datafield><datafield ind1=" " ind2=" " tag="040"><subfield code="a">CNK</subfield><subfield code="b">eng</subfield><subfield code="c">CNK</subfield><subfield code="d">OCLCQ</subfield><subfield code="d">OCLCF</subfield><subfield code="d">OCLCO</subfield></datafield><datafield ind1="1" ind2=" " tag="029"><subfield code="a">AU@</subfield><subfield code="b">000013613227</subfield></datafield><datafield ind1=" " ind2=" " tag="042"><subfield code="a">msc</subfield></datafield><datafield ind1=" " ind2=" " tag="043"><subfield code="a">n-us-ca</subfield></datafield><datafield ind1="0" ind2=" " tag="130"><subfield code="a">News-observer (San Leandro, Calif. : 1941)</subfield></datafield><datafield ind1="1" ind2="0" tag="245"><subfield code="a">News-observer.</subfield></datafield><datafield ind1="1" ind2="3" tag="246"><subfield code="a">News-observer and Cherry City news and California news</subfield></datafield><datafield ind1="1" ind2="7" tag="246"><subfield code="a">San Leandro news-observer</subfield></datafield><datafield ind1=" " ind2=" " tag="260"><subfield code="a">San Leandro, Calif. :</subfield><subfield code="b">Matilda Neish</subfield></datafield><datafield ind1=" " ind2=" " tag="300"><subfield code="a">v.</subfield></datafield><datafield ind1=" " ind2=" " tag="310"><subfield code="a">Weekly,</subfield><subfield code="b">Mar. 13, 1942-Feb. 16, 1945</subfield></datafield><datafield ind1=" " ind2=" " tag="321"><subfield code="a">Semiweekly,</subfield><subfield code="b">Oct. 21, 1941-Mar. 6, 1942</subfield></datafield><datafield ind1="0" ind2=" " tag="362"><subfield code="a">Vol. 49, no. 17 (Oct. 21, 1941)-v. 51, no. 49 (Feb. 16, 1945).</subfield></datafield><datafield ind1=" " ind2="0" tag="651"><subfield code="a">San Leandro (Calif.)</subfield><subfield code="v">Newspapers.</subfield></datafield><datafield ind1=" " ind2="7" tag="655"><subfield code="a">Newspapers.</subfield><subfield code="2">fast</subfield><subfield code="0">(OCoLC)fst01423814</subfield></datafield><datafield ind1=" " ind2="7" tag="651"><subfield code="a">California</subfield><subfield code="z">San Leandro.</subfield><subfield code="2">fast</subfield><subfield code="0">(OCoLC)fst01214305</subfield></datafield><datafield ind1=" " ind2=" " tag="752"><subfield code="a">United States</subfield><subfield code="b">California</subfield><subfield code="c">Alameda</subfield><subfield code="d">San Leandro.</subfield></datafield><datafield ind1="0" ind2="4" tag="780"><subfield code="t">Standard-observer (San Leandro, Calif.)</subfield><subfield code="w">(DLC)sn 97069219</subfield></datafield><datafield ind1="0" ind2="4" tag="780"><subfield code="t">San Leandro news</subfield><subfield code="w">(DLC)sn 97069223</subfield></datafield><datafield ind1="0" ind2="0" tag="785"><subfield code="t">San Leandro news-observer</subfield><subfield code="w">(DLC)sn 97069225</subfield></datafield></record>